@article{abras2004user,
  title={User-centered design},
  author={Abras, Chadia and Maloney-Krichmar, Diane and Preece, Jenny and others},
  journal={Bainbridge, W. Encyclopedia of Human-Computer Interaction. Thousand Oaks: Sage Publications},
  volume={37},
  number={4},
  pages={445--456},
  year={2004}
}

@book{norman2013,
  title={The design of everyday things: Revised and expanded edition},
  author={Norman, Don},
  year={2013},
  publisher={Basic books}
}

@book{dotzauer2006,
  title={The SSH book: Guide for the safe use of OpenSSH},
  author={Dotzauer, Timo and LÃ¼tticke, Tobias},
  year={2006},
  publisher={Basic books}
}

@online{
  scrum,
  title = {Ablauf des Daily Scrum Meeting (kurz: Daily Scrum)},
  url = {https://scrum-master.de/Scrum-Meetings/Daily_Scrum_Meeting},
  urldate = {2021-03-17}
}


@online{GitflowWF, 
    author = {Atlassian Corporation Plc},
    title = {Gitflow Workflow},
    year = 2016,
    url = {https://www.atlassian.com/git/tutorials/comparing-workflows/gitflow-workflow},
    urldate = {2021-04-13}
}

@online{ndr,
    title = {Corona-Chronologie: Die Ereignisse im Norden},
    year = 2021,
    url = {www.ndr.de/nachrichten/info/Corona-Chronologie-Die-Ereignisse-im-Norden,coronachronologieindex100.html},
    urldate = {2021-04-16}
}

